<?xml version="1.0" encoding="UTF-8"?><collection xmlns="http://www.loc.gov/MARC21/slim"><record><leader>00368nam--2200133-i-4500</leader><controlfield tag="001">000041479</controlfield><controlfield tag="002">20161230</controlfield><controlfield tag="005">20161230201043</controlfield><controlfield tag="008">060222s1000------------r-----000-0-eng-d</controlfield><datafield ind1=" " ind2=" " tag="080"><subfield code="a">517.5</subfield></datafield><datafield ind1=" " ind2=" " tag="100"><subfield code="a">Shilov,G.E. And Gel`Fand,I.M</subfield></datafield><datafield ind1=" " ind2=" " tag="245"><subfield code="a">Generalized functions. vol.3:theory of differential equations</subfield></datafield><datafield ind1=" " ind2=" " tag="260"><subfield code="a">New York, Academic Press, 1964-1968</subfield></datafield><datafield ind1=" " ind2=" " tag="852"><subfield code="a">33064</subfield></datafield></record></collection>